@article{WES_1991,
  author = {Wessel, P. and Smith, W. H. F.},
  title = {Free software helps map and display data},
  journal = {EOS Trans. AGU},
  year = 1991,
  pages = {441},
  volume = 72
}
@article{KUM_1997,
  author = {Kumar, P. and Foufoula-Georgiou, E.},
  title = {Wavelet analysis for geophysical applications},
  journal = {Rev. Geophys.},
  year = 1997,
  number = 4,
  pages = {385-412},
  _month = {November},
  volume = 35
}
@book{PER_2000,
  author = {Percival, D.B. and Walden, A.T.}, 
  title = {Wavelet {Methods} for {Time} {Series} {Analysis}},
  publisher = {Cambridge {University} {Press}},
  year = 2000,
  series = {Cambridge {Series} in {Statistical} and {Probabilistic} {Mathematics}},
  address = {New York, NY, USA},
  _isbn = {9780521685085}
}
@article{OBA_2002,
  author = {Obara, K.},
  title = {Nonvolcanic deep tremor associated with subduction in southwest {Japan}},
  journal = {Science},
  year = 2002,
  number = 5573,
  pages = {1679-1681},
  _month = {May},
  volume = 296
}
@article{PRE_2003,
  author = {Preston, L.A. and Creager, K.C. and Crosson, R.S. and Brocher, T.M. and Trehu, A.M.},
  title = {Intraslab earthquakes: Dehydration of the {Cascadia slab}},
  journal = {Science},
  year = 2003,
  pages = {1197-1200},
  volume = 302
}
@article{ROG_2003,
  author = {Rogers, G. and Dragert, H.},
  title = {Tremor and slip on the {Cascadia} subduction zone: The chatter of silent slip},
  journal = {Science},
  year = 2003,
  number = 5627,
  pages = {1942-1943},
  _month = {June},
  volume = 300
}
@article{SZE_2004,
  author = {Szeliga, W. and Melbourne, T.I. and Miller, M.M. and Santillan, V.M.},
  title = {Southern {Cascadia} episodic slow earthquakes},
  journal = {Geophys. Res. Lett.},
  year = 2004,
  pages = {L16602},
  _note = {doi:10.1029/2004gl020824},
  volume = 31
}
@article{SHE_2007_nature,
  author = {Shelly, D.R. and Beroza, G.C. and Ide, S.},
  title = {Non-volcanic tremor and low-frequency earthquake swarms},
  journal = {Nature},
  year = 2007,
  pages = {305-307},
  _month = {March},
  _note = {doi:10.1038/nature05666},
  volume = 446
}
@article{HIR_2008,
  author = {Hiramatsu, Y. and Watanabe, T. and Obara, K.},
  title = {Deep low‐frequency tremors as a proxy for slip monitoring at plate interface},
  journal = {Geophysical Research Letters},
  year = 2008,
  pages = {L13304},
  _note = {doi:10.1029/2008gl03434},
  volume = 35
}
@article{SZE_2008,
  author = {Szeliga, W. and Melbourne, T. and Santillan, M. and Miller, M.},
  title = {{GPS} constraints on 34 slow slip events within the {Cascadia} subduction zone, 1997-2005},
  journal = {J. Geophys. Res.},
  year = 2008,
  pages = {B04404},
  _note = {doi:10.1029/2007jb004948},
  volume = 113
}
@article{AGU_2009,
  author = {Aguiar, A.C. and Melbourne, T.I. and Scrivner, C.W.},
  title = {Moment release rate of {Cascadia} tremor constrained by {GPS}},
  journal = {J. Geophys. Res.},
  year = 2009,
  pages = {B00A05},
  _note = {doi:10.1029/2008j005909},
  volume = 114
}
@article{OHT_2010,
  author = {Ohtani, R. and McGuire, J.J. and Segall, P.},
  title = {Network strain filter: A new tool for monitoring and detecting transient deformation signals in {GPS} arrays},
  journal = {J. Geophys. Res.},
  year = 2010,
  pages = {B12418},
  _note = {doi:10.1029/2010jb007442},
  volume = 115
}
@article{SCH_2010,
  author = {Schmidt, D. A. and Gao, H.},
  title = {Source parameters and time‐dependent slip distributions of slow slip events on the {Cascadia} subduction zone from 1998 to 2008},
  journal = {Journal of Geophysical Research: Solid Earth},
  year = 2010,
  pages = {B00A18},
  _note = {doi:10.1029/2008jb00604},
  volume = 115
}
@article{VER_2010,
  author = {Vergnolle, M. and Walpersdorf, A. and Kostoglodov, V. and Tregoning, P. and Santiago, J. A. and Cotte, N. and Franco, S. I.},
 title = {Slow slip events in {Mexico} revised from the processing of 11 year {GPS} observations},
 journal = {Journal of Geophysical Research: Solid Earth},
 year = 2010,
 pages = {B08403},
 _note = {doi:10.1029/2009jb006852},
 volume = 115
}
@article{WEC_2010,
  author = {Wech, A.G.},
  title = {Interactive tremor monitoring},
  journal = {Seismol. Res. Lett.},
  year = 2010,
  number = 4,
  pages = {664-669},
  _note = {doi:10.1785/gssrl.81.4.664},
  volume = 81
}
@article{BER_2011,
  author = {Beroza, G.C. and Ide, S.},
  title = {Slow earthquakes and nonvolcanic tremor},
  journal = {Annu. Rev. Earth Planet. Sci.},
  year = 2011,
  pages = {271-296},
  _note = {doi:10.1146/annurev-earth-040809-152531},
  volume = 39
}
@article{JIA_2012,
  author = {Jiang, Y. and Wdowinski, S. and Dixon, T. H. and Hackl, M. and Protti, M. and Gonzalez, V.},
  title = {Slow slip events in {Costa} {Rica} detected by continuous {GPS} observations, 2002-2011},
  journal = {Geochemistry, Geophysics, Geosystems},
  year = 2012,
  pages = {Q04006},
  _note = {doi:10.1029/2012gc004058},
  volume = 13
}
@article{RAD_2012,
  author = {Radiguet, M. and Cotton, F. and Vergnolle, M. and Campillo, M. and Walpersdorf, A. and Cotte, N. and Kostoglodov, V.},
  title = {Slow slip events and strain accumulation in the {Guerrero} gap, {Mexico}},
  journal = {Journal of Geophysical Research: Solid Earth},
  year = 2012,
  pages = {B04305},
  _note = {doi:10.1029/2011jb008801},
  volume = 117
}
@article{WAL_2012,
  author = {Wallace, L. M. and Beavan, J. and Bannister, S. and Williams, C.},
  title = {Simultaneous long‐term and short‐term slow slip events at the {Hikurangi} subduction margin, {New} {Zealand}: Implications for processes that control slow slip event occurrence, duration, and migration},
  journal = {Journal of Geophysical Research: Solid Earth},
  year = 2012,
  pages = {B11402},
  _note = {doi:10.1029/2012jb009489},
  volume = 117
}
@article{WEI_2012,
  author = {Wei, M. and McGuire, J.J. and Richardson, E.},
  title = {A slow slip event in the south central {Alaska} {Subduction} {Zone}},
  journal = {Geophys. Res. Lett.},
  year = 2012,
  pages = {L15309},
  _note = {doi:10.1029/2012gl052351},
  volume = 39
}
@article{HAW_2013,
  author = {Hawthorne, J. C. and Rubin, A. M.},
  title = {Short‐time scale correlation between slow slip and tremor in {Cascadia}},
  journal = {Journal of Geophysical Research: Solid Earth},
  year = 2013,
  pages = {1316-1329},
  _note = {doi:10.1002/jgrb.50103},
  volume = 118
}
@article{NIS_2013,
  author = {Nishimura, T. and Matsuzawa, T. and Obara, K.},
  title = {Detection of short‐term slow slip events along the {Nankai} {Trough}, southwest {Japan}, using {GNSS} data},
  journal = {Journal of Geophysical Research: Solid Earth},
  year = 2013,
  pages = {3112-3125},
  _note = {doi:10.1002/jgrb.50222},
  volume = 118
}
@article{AUD_2016,
  author = {Audet, P. and Kim, Y.H.},
  title = {Teleseismic constraints on the geological environment of deep episodic slow earthquakes in subduction zone forearcs: A review},
  journal = {Tectonophysics},
  year = 2016,
  pages = {1-15},
  _note = {doi:10.1016/j.tecto.2016.01.005},
  volume = 670
}
@article{FRA_2016,
  author = {Frank, W.B.},
  title = {Slow slip hidden in the noise: The intermittence of tectonic release},
  journal = {Geophys. Res. Lett.},
  year = 2016,
  pages = {10125-10133},
  _note = {doi:10.1002/2016gl069537},
  volume = 43
}
@article{LI_2016,
  author = {Li, S. and Freymueller, J. and McCaffrey, R.},
  title = {Slow slip events and time‐dependent variations in locking beneath {Lower} {Cook} {Inlet} of the {Alaska}‐{Aleutian} subduction zone},
  journal = {Journal of Geophysical Research: Solid Earth},
  year = 2016,
  pages = {1060-1079},
  _note = {doi:10.1002/2015jb012491},
  volume = 121
}
@article{TOD_2016,
  author = {Todd, E.K. and Schwartz, S.Y.},
  title = {Tectonic tremor along the northern {Hikurangi} {Margin}, {New} {Zealand}, between 2010 and 2015},
  journal = {J. Geophys. Res. Solid Earth},
  year = 2016,
  pages = {8706-8719},
  _note = {doi:10.1002/2016jb013480},
  volume = 121
}
@article{WEC_2016,
  author = {Wech, A.G.},
  title = {Extending {Alaska}'s plate boundary; tectonic tremor generated by {Yakutat} subduction},
  journal = {Geology},
  year = 2016,
  number = 7,
  pages = {587-590},
  _month = {July},
  -note = {doi:10.1130/G37817.1},
  volume = 44
}
@article{HAL_2018,
  author = {Hall, K. and Houston, H. and Schmidt, D.},
  title = {Spatial comparisons of tremor and slow slip as a constraint on fault strength in the northern {Cascadia} subduction zone},
  journal = {Geochemistry, Geophysics, Geosystems},
  year = 2018,
  number = 8,
  pages =  {2706-2718},
  _note = {doi:10.1029/2018gc007694},
  volume = 19
}
@article{ALB_2019,
  author = {Alba, S. and Weldon, R. J. and Livelybrooks, D. and Schmidt, D. A.},
  title = {Cascadia {ETS} events seen in tidal records (1980--2011)},
  journal = {Bull. Seismol. Soc. Am.},
  year = 2019,
  number=2,
  pages={812-821},
   _note = {doi:10.1785/0120180218},
   volume=109
}
@article{MIC_2019,
  author = {Michel, S. and Gualandi, A. and Avouac, J.-P.},
  title = {Interseismic coupling and slow slip events on the {Cascadia} megathrust},
  journal = {Pure Appl. Geophys.},
  year = 2019,
  pages = {3867-3891},
  _note = {doi:10.1007/s00024-018-1991-x},
  volume = 176
 }
 @article{BAR_2020,
   author = {Bartlow, N. M.},
   title = {A long‐term view of episodic tremor and slip in {Cascadia}},
   journal = {Geophysical Research Letters},
   year = 2020,
   number = 3,
   pages = {e2019GL085303},
   volume = 43
 }
 @article{WAL_2020,
   author = {Wallace, L. M.},
   title = {Slow slip events in {New} {Zealand}},
   journal = {Annual Review of Earth and Planetary Sciences},
   year = 2020,
   pages = {175-203},
   _note = {do:10.1146/annurev-earth-071719-055104},
   volume = 48
 }
@misc{PANGA,
  doi = {doi:10.7914/SN/PW},
  url = {http://www.panga.cwu.edu/},
  author = {{GPS/GNSS Network and Geodesy Laboratory: Central Washington University, other/seismic network}},
  title = {{Pacific Northwest Geodetic Array (PANGA)}},
  publisher = {International Federation of Digital Seismograph Networks},
  year = 1996
}
 